<?xml version="1.0" encoding="UTF-8"?><collection xmlns="http://www.loc.gov/MARC21/slim"><record><leader>00385nam--2200133-i-4500</leader><controlfield tag="001">000038798</controlfield><controlfield tag="002">20161230</controlfield><controlfield tag="005">20161230201042</controlfield><controlfield tag="008">060222s1000------------r-----000-0-eng-d</controlfield><datafield ind1=" " ind2=" " tag="080"><subfield code="a">621.31:620.92:523.72:621.472</subfield></datafield><datafield ind1=" " ind2=" " tag="100"><subfield code="a">Richard,H</subfield></datafield><datafield ind1=" " ind2=" " tag="245"><subfield code="a">Fundamentals of solar cells. photovoltaic solar energy conversion</subfield></datafield><datafield ind1=" " ind2=" " tag="260"><subfield code="a">New York, Academic Press, K1983. Viii + 559p</subfield></datafield><datafield ind1=" " ind2=" " tag="852"><subfield code="a">71366</subfield></datafield></record></collection>